<?xml version="1.0" encoding="UTF-8"?><collection xmlns="http://www.loc.gov/MARC21/slim"><record><leader>00385nam--2200133-i-4500</leader><controlfield tag="001">000043874</controlfield><controlfield tag="002">20161230</controlfield><controlfield tag="005">20161230201044</controlfield><controlfield tag="008">060222s1000------------r-----000-0-eng-d</controlfield><datafield ind1=" " ind2=" " tag="080"><subfield code="a">662.999</subfield></datafield><datafield ind1=" " ind2=" " tag="100"><subfield code="a">Subin, E.P</subfield></datafield><datafield ind1=" " ind2=" " tag="245"><subfield code="a">Materialele, metodele de constructie si calculul izolatiei termice a conductelor</subfield></datafield><datafield ind1=" " ind2=" " tag="260"><subfield code="a">Bucuresti, Inst.De Documentare Tehnica, 1948, 128p</subfield></datafield><datafield ind1=" " ind2=" " tag="852"><subfield code="a">2325</subfield></datafield></record></collection>